<?xml version="1.0" encoding="UTF-8"?>
  <record xmlns="http://www.loc.gov/MARC21/slim" type="Authority">
    <leader>00000nz  a2200000nc 4500</leader>
    <controlfield tag="001">104175281</controlfield>
    <controlfield tag="003">DE-101</controlfield>
    <controlfield tag="005">20150513003522.0</controlfield>
    <controlfield tag="008">960411n||aznnnaabn           | aaa    |c</controlfield>
    <datafield tag="024" ind1="7" ind2=" ">
      <subfield code="a">104175281</subfield>
      <subfield code="0">http://d-nb.info/gnd/104175281</subfield>
      <subfield code="2">gnd</subfield>
    </datafield>
    <datafield tag="035" ind1=" " ind2=" ">
      <subfield code="a">(DE-101)104175281</subfield>
    </datafield>
    <datafield tag="035" ind1=" " ind2=" ">
      <subfield code="a">(DE-588)104175281</subfield>
    </datafield>
    <datafield tag="035" ind1=" " ind2=" ">
      <subfield code="z">(DE-588)130653063</subfield>
    </datafield>
    <datafield tag="035" ind1=" " ind2=" ">
      <subfield code="z">(DE-588a)130653063</subfield>
      <subfield code="9">v:zg</subfield>
    </datafield>
    <datafield tag="035" ind1=" " ind2=" ">
      <subfield code="z">(DE-588a)104175281</subfield>
      <subfield code="9">v:zg</subfield>
    </datafield>
    <datafield tag="040" ind1=" " ind2=" ">
      <subfield code="a">DE-12</subfield>
      <subfield code="c">DE-12</subfield>
      <subfield code="9">r:DE-12</subfield>
      <subfield code="b">ger</subfield>
      <subfield code="d">9999</subfield>
    </datafield>
    <datafield tag="042" ind1=" " ind2=" ">
      <subfield code="a">gnd1</subfield>
    </datafield>
    <datafield tag="043" ind1=" " ind2=" ">
      <subfield code="c">XA-DE</subfield>
    </datafield>
    <datafield tag="075" ind1=" " ind2=" ">
      <subfield code="b">p</subfield>
      <subfield code="2">gndgen</subfield>
    </datafield>
    <datafield tag="075" ind1=" " ind2=" ">
      <subfield code="b">piz</subfield>
      <subfield code="2">gndspec</subfield>
    </datafield>
    <datafield tag="079" ind1=" " ind2=" ">
      <subfield code="a">g</subfield>
      <subfield code="q">a</subfield>
      <subfield code="q">f</subfield>
    </datafield>
    <datafield tag="100" ind1="0" ind2=" ">
      <subfield code="a">Dorothea Maria</subfield>
      <subfield code="c">Sachsen-Coburg-Meiningen, Herzogin</subfield>
      <subfield code="d">1674-1713</subfield>
    </datafield>
    <datafield tag="375" ind1=" " ind2=" ">
      <subfield code="a">2</subfield>
      <subfield code="2">iso5218</subfield>
    </datafield>
    <datafield tag="400" ind1="0" ind2=" ">
      <subfield code="a">Dorothea Maria</subfield>
      <subfield code="c">Sachsen-Meiningen-Hildburghausen, Herzogin</subfield>
      <subfield code="d">1674-1713</subfield>
    </datafield>
    <datafield tag="400" ind1="0" ind2=" ">
      <subfield code="a">Dorothea Marie</subfield>
      <subfield code="c">Sachsen-Coburg-Meiningen, Herzogin</subfield>
      <subfield code="d">1674-1713</subfield>
    </datafield>
    <datafield tag="400" ind1="0" ind2=" ">
      <subfield code="a">Dorothea Maria</subfield>
      <subfield code="c">Sachsen-Meiningen, Herzogin</subfield>
      <subfield code="d">1674-1713</subfield>
    </datafield>
    <datafield tag="400" ind1="0" ind2=" ">
      <subfield code="a">Dorothee Marie</subfield>
      <subfield code="c">Saxe, Duchesse</subfield>
      <subfield code="d">1674-1713</subfield>
    </datafield>
    <datafield tag="400" ind1="0" ind2=" ">
      <subfield code="a">Dorothea Maria</subfield>
      <subfield code="c">Sachsen-Gotha-Altenburg, Herzogin</subfield>
      <subfield code="d">1674-1713</subfield>
      <subfield code="4">nafr</subfield>
      <subfield code="4">https://d-nb.info/standards/elementset/gnd#EarlierNameOfThePerson</subfield>
      <subfield code="w">r</subfield>
      <subfield code="i">Frueherer Name</subfield>
      <subfield code="e">Frueherer Name</subfield>
    </datafield>
    <datafield tag="400" ind1="0" ind2=" ">
      <subfield code="a">Dorothea Maria</subfield>
      <subfield code="c">Sachsen-Gotha-Altenburg, Prinzessin</subfield>
      <subfield code="d">1674-1713</subfield>
    </datafield>
    <datafield tag="400" ind1="0" ind2=" ">
      <subfield code="a">Dorothea Maria</subfield>
      <subfield code="c">Sachsen, Herzogin</subfield>
      <subfield code="d">1674-1713</subfield>
    </datafield>
    <datafield tag="400" ind1="0" ind2=" ">
      <subfield code="a">Dorothee Marie</subfield>
      <subfield code="c">Sachsen, Herzogin</subfield>
      <subfield code="d">1674-1713</subfield>
    </datafield>
    <datafield tag="400" ind1="0" ind2=" ">
      <subfield code="a">Dorothea Maria</subfield>
      <subfield code="c">Henneberg, Prinzessin</subfield>
      <subfield code="d">1674-1713</subfield>
    </datafield>
    <datafield tag="500" ind1="0" ind2=" ">
      <subfield code="0">(DE-101)10210915X</subfield>
      <subfield code="0">(DE-588)10210915X</subfield>
      <subfield code="0">https://d-nb.info/gnd/10210915X</subfield>
      <subfield code="a">Friedrich</subfield>
      <subfield code="b">I.</subfield>
      <subfield code="c">Sachsen-Gotha-Altenburg, Herzog</subfield>
      <subfield code="d">1646-1691</subfield>
      <subfield code="4">bezf</subfield>
      <subfield code="4">https://d-nb.info/standards/elementset/gnd#familialRelationship</subfield>
      <subfield code="w">r</subfield>
      <subfield code="i">Beziehung familiaer</subfield>
      <subfield code="e">Beziehung familiaer</subfield>
      <subfield code="9">v:Vater</subfield>
    </datafield>
    <datafield tag="500" ind1="0" ind2=" ">
      <subfield code="0">(DE-101)104376600</subfield>
      <subfield code="0">(DE-588)104376600</subfield>
      <subfield code="0">https://d-nb.info/gnd/104376600</subfield>
      <subfield code="a">Magdalena Sibylle</subfield>
      <subfield code="c">Sachsen-Gotha-Altenburg, Herzogin</subfield>
      <subfield code="d">1648-1681</subfield>
      <subfield code="4">bezf</subfield>
      <subfield code="4">https://d-nb.info/standards/elementset/gnd#familialRelationship</subfield>
      <subfield code="w">r</subfield>
      <subfield code="i">Beziehung familiaer</subfield>
      <subfield code="e">Beziehung familiaer</subfield>
      <subfield code="9">v:Mutter</subfield>
    </datafield>
    <datafield tag="500" ind1="0" ind2=" ">
      <subfield code="0">(DE-101)102308888</subfield>
      <subfield code="0">(DE-588)102308888</subfield>
      <subfield code="0">https://d-nb.info/gnd/102308888</subfield>
      <subfield code="a">Ernst Ludwig</subfield>
      <subfield code="c">Sachsen-Coburg-Meiningen, Herzog</subfield>
      <subfield code="d">1672-1724</subfield>
      <subfield code="4">bezf</subfield>
      <subfield code="4">https://d-nb.info/standards/elementset/gnd#familialRelationship</subfield>
      <subfield code="w">r</subfield>
      <subfield code="i">Beziehung familiaer</subfield>
      <subfield code="e">Beziehung familiaer</subfield>
      <subfield code="9">v:Ehemann</subfield>
    </datafield>
    <datafield tag="500" ind1="0" ind2=" ">
      <subfield code="0">(DE-101)121279553</subfield>
      <subfield code="0">(DE-588)121279553</subfield>
      <subfield code="0">https://d-nb.info/gnd/121279553</subfield>
      <subfield code="a">Anna Sophia</subfield>
      <subfield code="c">Schwarzburg-Rudolstadt, Fürstin, 1670-1728</subfield>
      <subfield code="d">1670-1728</subfield>
      <subfield code="4">bezf</subfield>
      <subfield code="4">https://d-nb.info/standards/elementset/gnd#familialRelationship</subfield>
      <subfield code="w">r</subfield>
      <subfield code="i">Beziehung familiaer</subfield>
      <subfield code="e">Beziehung familiaer</subfield>
      <subfield code="9">v:Schwester</subfield>
    </datafield>
    <datafield tag="500" ind1="0" ind2=" ">
      <subfield code="0">(DE-101)11929463X</subfield>
      <subfield code="0">(DE-588)11929463X</subfield>
      <subfield code="0">https://d-nb.info/gnd/11929463X</subfield>
      <subfield code="a">Friederike</subfield>
      <subfield code="c">Anhalt-Zerbst, Fürstin</subfield>
      <subfield code="d">1675-1709</subfield>
      <subfield code="4">bezf</subfield>
      <subfield code="4">https://d-nb.info/standards/elementset/gnd#familialRelationship</subfield>
      <subfield code="w">r</subfield>
      <subfield code="i">Beziehung familiaer</subfield>
      <subfield code="e">Beziehung familiaer</subfield>
      <subfield code="9">v:Schwester</subfield>
    </datafield>
    <datafield tag="548" ind1=" " ind2=" ">
      <subfield code="a">1674-1713</subfield>
      <subfield code="4">datl</subfield>
      <subfield code="4">https://d-nb.info/standards/elementset/gnd#dateOfBirthAndDeath</subfield>
      <subfield code="w">r</subfield>
      <subfield code="i">Lebensdaten</subfield>
    </datafield>
    <datafield tag="550" ind1=" " ind2=" ">
      <subfield code="0">(DE-101)040004643</subfield>
      <subfield code="0">(DE-588)4000464-8</subfield>
      <subfield code="0">https://d-nb.info/gnd/4000464-8</subfield>
      <subfield code="a">Adel</subfield>
      <subfield code="4">obin</subfield>
      <subfield code="4">https://d-nb.info/standards/elementset/gnd#broaderTermInstantial</subfield>
      <subfield code="w">r</subfield>
      <subfield code="i">Oberbegriff instantiell</subfield>
    </datafield>
    <datafield tag="551" ind1=" " ind2=" ">
      <subfield code="0">(DE-101)040216527</subfield>
      <subfield code="0">(DE-588)4021652-4</subfield>
      <subfield code="0">https://d-nb.info/gnd/4021652-4</subfield>
      <subfield code="a">Gotha</subfield>
      <subfield code="4">ortg</subfield>
      <subfield code="4">https://d-nb.info/standards/elementset/gnd#placeOfBirth</subfield>
      <subfield code="w">r</subfield>
      <subfield code="i">Geburtsort</subfield>
    </datafield>
    <datafield tag="551" ind1=" " ind2=" ">
      <subfield code="0">(DE-101)040384535</subfield>
      <subfield code="0">(DE-588)4038453-6</subfield>
      <subfield code="0">https://d-nb.info/gnd/4038453-6</subfield>
      <subfield code="a">Meiningen</subfield>
      <subfield code="4">orts</subfield>
      <subfield code="4">https://d-nb.info/standards/elementset/gnd#placeOfDeath</subfield>
      <subfield code="w">r</subfield>
      <subfield code="i">Sterbeort</subfield>
    </datafield>
    <datafield tag="667" ind1=" " ind2=" ">
      <subfield code="a">3</subfield>
    </datafield>
    <datafield tag="670" ind1=" " ind2=" ">
      <subfield code="a">Europ. Stammtaf.</subfield>
    </datafield>
    <datafield tag="670" ind1=" " ind2=" ">
      <subfield code="a">Wikipedia</subfield>
    </datafield>
    <datafield tag="678" ind1=" " ind2=" ">
      <subfield code="b">Tochter von Herzog Friedrich I. von Sachsen-Gotha-Altenburg; ab 1704 erste Ehefrau von Herzog Ernst Ludwig I. von Sachsen-Coburg-Meiningen</subfield>
    </datafield>
    <datafield tag="913" ind1=" " ind2=" ">
      <subfield code="S">pnd</subfield>
      <subfield code="i">5</subfield>
      <subfield code="a">Dorothea Maria &lt;Sachsen-Meiningen-Hildburghausen, Herzogin&gt;</subfield>
      <subfield code="0">(DE-588a)104175281</subfield>
    </datafield>
    <datafield tag="913" ind1=" " ind2=" ">
      <subfield code="S">pnd</subfield>
      <subfield code="i">5</subfield>
      <subfield code="a">Dorothea Marie &lt;Sachsen-Coburg-Meiningen, Herzogin&gt;</subfield>
      <subfield code="0">(DE-588a)130653063</subfield>
    </datafield>
  </record>
